
@article{Isard1954,
  title={{Location theory and trade theory: short-run analysis}},
  author={Isard, W.},
  journal={The Quarterly Journal of Economics},
  pages={305--320},
  year={1954},
  publisher={JSTOR}
}

@article{Kreps1983,
  title={{Quantity precommitment and Bertrand competition yield Cournot outcomes}},
  author={Kreps, D. M. and Scheinkman, J. A.},
  journal={The Bell Journal of Economics},
  pages={326--337},
  year={1983},
  publisher={JSTOR}
}

@Misc{McKelvey2016,
  title = {{Gambit: Software Tools for Game Theory, Version 16.0.1}},
  author = {McKelvey, R. D., McLennan, A. M., and Turocy, T. L.},
  year = {2016},
% howpublished ="\url{http://www.gambit-project.org}"
}

@article{Hotelling1929,
 ISSN = {00130133, 14680297},
 URL = {http://www.jstor.org/stable/2224214},
 author = {Hotelling, H.},
 journal = {The Economic Journal},
 number = {153},
 pages = {41--57},
 publisher = {[Royal Economic Society, Wiley]},
 title = {{Stability in Competition}},
 volume = {39},
 year = {1929}
}

