@article{kreps1983quantity,
  title={Quantity precommitment and Bertrand competition yield Cournot outcomes},
  author={Kreps, David M and Scheinkman, Jose A},
  journal={The Bell Journal of Economics},
  pages={326--337},
  year={1983},
  publisher={JSTOR}
}

@Misc{gambitPython,
  title = {Gambit: Software Tools for Game Theory, Version 16.0.1},
  author = {McKelvey, Richard D., McLennan, Andrew M., and Turocy, Theodore L.},
  year = {2016},
  howpublished ="\url{http://www.gambit-project.org}"
}